@article{dynes2009efficient,
  title     = {Efficient entanglement distribution over 200 kilometers},
  author    = {Dynes, James F and Takesue, Hiroki and Yuan, Zhiliang L and Sharpe, Andrew W and Harada, K and Honjo, Toshimori and Kamada, Hidehiko and Tadanaga, Osamu and Nishida, Yoshiki and Asobe, Masaki and others},
  journal   = {Optics express},
  volume    = {17},
  number    = {14},
  pages     = {11440--11449},
  year      = {2009},
  publisher = {Optical Society of America}
}

@article{childress2013diamond,
  title     = {Diamond NV centers for quantum computing and quantum networks},
  author    = {Childress, Lilian and Hanson, Ronald},
  journal   = {MRS bulletin},
  volume    = {38},
  number    = {2},
  pages     = {134--138},
  year      = {2013},
  publisher = {Cambridge University Press}
}

@article{cleve1999share,
  title     = {How to share a quantum secret},
  author    = {Cleve, Richard and Gottesman, Daniel and Lo, Hoi-Kwong},
  journal   = {Physical Review Letters},
  volume    = {83},
  number    = {3},
  pages     = {648},
  year      = {1999},
  publisher = {APS}
}

@article{yu2021protocols,
  title     = {Protocols for packet quantum network intercommunication},
  author    = {Yu, Nengkun and Lai, Ching-Yi and Zhou, Li},
  journal   = {IEEE Transactions on Quantum Engineering},
  volume    = {2},
  pages     = {1--9},
  year      = {2021},
  publisher = {IEEE}
}

@article{terhal2015quantum,
  title     = {Quantum error correction for quantum memories},
  author    = {Terhal, Barbara M},
  journal   = {Reviews of Modern Physics},
  volume    = {87},
  number    = {2},
  pages     = {307},
  year      = {2015},
  publisher = {APS}
}

@inproceedings{zhao2021redundant,
  title        = {Redundant Entanglement Provisioning and Selection for Throughput Maximization in Quantum Networks},
  author       = {Zhao, Yangming and Qiao, Chunming},
  booktitle    = {IEEE INFOCOM 2021-IEEE Conference on Computer Communications},
  pages        = {1--10},
  year         = {2021},
  organization = {IEEE}
}

@article{zhao2021quantum,
  title   = {Quantum Transport Protocols for Distributed Quantum Computing},
  author  = {Zhao, Yangming and Qiao, Chunming},
  journal = {arXiv preprint arXiv:2105.08109},
  year    = {2021}
}

@article{hensen2015loophole,
  title     = {Loophole-free Bell inequality violation using electron spins separated by 1.3 kilometres},
  author    = {Hensen, Bas and Bernien, Hannes and Dr{\'e}au, Ana{\"\i}s E and Reiserer, Andreas and Kalb, Norbert and Blok, Machiel S and Ruitenberg, Just and Vermeulen, Raymond FL and Schouten, Raymond N and Abell{\'a}n, Carlos and others},
  journal   = {Nature},
  volume    = {526},
  number    = {7575},
  pages     = {682--686},
  year      = {2015},
  publisher = {Nature Publishing Group}
}

@article{shor1995scheme,
  title     = {Scheme for reducing decoherence in quantum computer memory},
  author    = {Shor, Peter W},
  journal   = {Physical review A},
  volume    = {52},
  number    = {4},
  pages     = {R2493},
  year      = {1995},
  publisher = {APS}
}

@article{moehring2007entanglement,
  title     = {Entanglement of single-atom quantum bits at a distance},
  author    = {Moehring, David L and Maunz, Peter and Olmschenk, Steve and Younge, Kelly C and Matsukevich, Dzmitry N and Duan, L-M and Monroe, Christopher},
  journal   = {Nature},
  volume    = {449},
  number    = {7158},
  pages     = {68--71},
  year      = {2007},
  publisher = {Nature Publishing Group}
}

@article{hofmann2012heralded,
  title     = {Heralded entanglement between widely separated atoms},
  author    = {Hofmann, Julian and Krug, Michael and Ortegel, Norbert and G{\'e}rard, Lea and Weber, Markus and Rosenfeld, Wenjamin and Weinfurter, Harald},
  journal   = {Science},
  volume    = {337},
  number    = {6090},
  pages     = {72--75},
  year      = {2012},
  publisher = {American Association for the Advancement of Science}
}

@incollection{dahlberg2019link,
  title     = {A link layer protocol for quantum networks},
  author    = {Dahlberg, Axel and Skrzypczyk, Matthew and Coopmans, Tim and Wubben, Leon and Rozp{\k{e}}dek, Filip and Pompili, Matteo and Stolk, Arian and Pawe{\l}czak, Przemys{\l}aw and Knegjens, Robert and de Oliveira Filho, Julio and others},
  booktitle = {Proceedings of the ACM Special Interest Group on Data Communication},
  pages     = {159--173},
  year      = {2019}
}

@article{briegel1998quantum,
  title     = {Quantum repeaters: the role of imperfect local operations in quantum communication},
  author    = {Briegel, H-J and D{\"u}r, Wolfgang and Cirac, Juan I and Zoller, Peter},
  journal   = {Physical Review Letters},
  volume    = {81},
  number    = {26},
  pages     = {5932},
  year      = {1998},
  publisher = {APS}
}

@article{bennett1996purification,
  title     = {Purification of noisy entanglement and faithful teleportation via noisy channels},
  author    = {Bennett, Charles H and Brassard, Gilles and Popescu, Sandu and Schumacher, Benjamin and Smolin, John A and Wootters, William K},
  journal   = {Physical review letters},
  volume    = {76},
  number    = {5},
  pages     = {722},
  year      = {1996},
  publisher = {APS}
}

@article{vaidman1994teleportation,
  title     = {Teleportation of quantum states},
  author    = {Vaidman, Lev},
  journal   = {Physical Review A},
  volume    = {49},
  number    = {2},
  pages     = {1473},
  year      = {1994},
  publisher = {APS}
}

@article{zukowski1993event,
  title   = {" Event-ready-detectors" Bell experiment via entanglement swapping.},
  author  = {Zukowski, Marek and Zeilinger, Anton and Horne, Michael A and Ekert, Aarthur K},
  journal = {Physical Review Letters},
  volume  = {71},
  number  = {26},
  year    = {1993}
}

@article{kitaev2003fault,
  title     = {Fault-tolerant quantum computation by anyons},
  author    = {Kitaev, A Yu},
  journal   = {Annals of Physics},
  volume    = {303},
  number    = {1},
  pages     = {2--30},
  year      = {2003},
  publisher = {Elsevier}
}

@article{pant2019routing,
  title     = {Routing entanglement in the quantum internet},
  author    = {Pant, Mihir and Krovi, Hari and Towsley, Don and Tassiulas, Leandros and Jiang, Liang and Basu, Prithwish and Englund, Dirk and Guha, Saikat},
  journal   = {npj Quantum Information},
  volume    = {5},
  number    = {1},
  pages     = {1--9},
  year      = {2019},
  publisher = {Nature Publishing Group}
}

@inproceedings{shi2020concurrent,
  title     = {Concurrent entanglement routing for quantum networks: Model and designs},
  author    = {Shi, Shouqian and Qian, Chen},
  booktitle = {Proceedings of the Annual conference of the ACM Special Interest Group on Data Communication on the applications, technologies, architectures, and protocols for computer communication},
  pages     = {62--75},
  year      = {2020}
}

@article{chakraborty2019distributed,
  title   = {Distributed routing in a quantum internet},
  author  = {Chakraborty, Kaushik and Rozpedek, Filip and Dahlberg, Axel and Wehner, Stephanie},
  journal = {arXiv preprint arXiv:1907.11630},
  year    = {2019}
}